<?xml version='1.0' encoding='UTF-8'?>
<record xmlns="http://www.loc.gov/MARC21/slim">
  <leader>01085cam a2200265 a 4500</leader>
  <controlfield tag="001">2745165</controlfield>
  <controlfield tag="003">NjP</controlfield>
  <controlfield tag="005">20171006172830.0</controlfield>
  <controlfield tag="008">840606s1954    ua bcf       f000 0barar </controlfield>
  <datafield tag="024" ind1="7" ind2=" ">
    <subfield code="a">princeton_aco002306</subfield>
    <subfield code="2">local</subfield>
  </datafield>
  <datafield ind1=" " ind2=" " tag="010">
    <subfield code="a">   80960976 /NE/r90 </subfield>
  </datafield>
  <datafield ind1=" " ind2=" " tag="035">
    <subfield code="a">(OCoLC)ocm12104317</subfield>
  </datafield>
  <datafield ind1=" " ind2=" " tag="035">
    <subfield code="9">CND6010TS</subfield>
  </datafield>
  <datafield ind1=" " ind2=" " tag="040">
    <subfield code="a">DLC</subfield>
    <subfield code="c">DLC</subfield>
    <subfield code="d">PUL</subfield>
  </datafield>
  <datafield ind1=" " ind2=" " tag="043">
    <subfield code="a">f-sj---</subfield>
  </datafield>
  <datafield ind1="0" ind2="0" tag="050">
    <subfield code="a">DT156.7</subfield>
    <subfield code="b">.N33 1954</subfield>
  </datafield>
  <datafield ind1="1" ind2=" " tag="100">
    <subfield code="a">Naguib, Mohammed,</subfield>
    <subfield code="d">1901-</subfield>
    <subfield code="0">http://id.loc.gov/authorities/names/n82211806</subfield>
  </datafield>
  <datafield ind1="1" ind2="0" tag="245">
    <subfield code="a">Risālah ʻan al-Sūdān /</subfield>
    <subfield code="c">katabahā Muḥammad Najīb.</subfield>
  </datafield>
  <datafield ind1=" " ind2=" " tag="260">
    <subfield code="a">al-Qāhirah :</subfield>
    <subfield code="b">al-Maṭbaʻah al-Amīrīyah,</subfield>
    <subfield code="c">1954.</subfield>
  </datafield>
  <datafield ind1=" " ind2=" " tag="300">
    <subfield code="a">6, 96 p., [9] leaves of plates :</subfield>
    <subfield code="b">maps, ports. ;</subfield>
    <subfield code="c">24 cm.</subfield>
  </datafield>
  <datafield ind1=" " ind2=" " tag="590">
    <subfield code="a">In Arabic.</subfield>
  </datafield>
  <datafield ind1=" " ind2="0" tag="651">
    <subfield code="a">Sudan</subfield>
    <subfield code="x">Politics and government.</subfield>
    <subfield code="0">http://id.loc.gov/authorities/subjects/sh88002208</subfield>
  </datafield>
  <datafield ind1="1" ind2="0" tag="600">
    <subfield code="a">Naguib, Mohammed,</subfield>
    <subfield code="d">1901-</subfield>
    <subfield code="0">http://id.loc.gov/authorities/names/n82211806</subfield>
  </datafield>
  <datafield ind1=" " ind2="0" tag="650">
    <subfield code="a">Presidents</subfield>
    <subfield code="z">Egypt</subfield>
    <subfield code="v">Biography.</subfield>
    <subfield code="0">http://id.loc.gov/authorities/subjects/sh2008109947</subfield>
  </datafield>
  <datafield ind1=" " ind2=" " tag="945">
    <subfield code="a">F</subfield>
    <subfield code="b">1</subfield>
    <subfield code="c">2272.7065.N5.377</subfield>
  </datafield>
  <datafield ind1=" " ind2=" " tag="911">
    <subfield code="a">20000130</subfield>
  </datafield>
  <datafield ind1="0" ind2="0" tag="852">
    <subfield code="0">3055847</subfield>
    <subfield code="b">nec</subfield>
    <subfield code="t">1</subfield>
    <subfield code="h">DT156.7</subfield>
    <subfield code="i">.N33 1954</subfield>
  </datafield>
  <datafield ind1=" " ind2=" " tag="959">
    <subfield code="a">2009-07-01 09:38:03 -0400</subfield>
  </datafield>
</record>
